@book{hamblin_oceanographers_2011,
    title = {{Oceanographers and the {\{}Cold{\}} {\{}War{\}}: {\{}Disciples{\}} of {\{}Marine{\}} {\{}Science{\}}}},
    year = {2011},
    author = {Hamblin, J D},
    publisher = {University of Washington Press},
    url = {https://books.google.com/books?id=9FVFaWr5qugC},
    isbn = {978-0-295-80185-8}
}

@article{eriksen_seaglider:_2001-1,
    title = {{Seaglider: a long-range autonomous underwater vehicle for oceanographic research}},
    shorttitle = {Seaglider},
    year = {2001},
    journal = {IEEE Journal of Oceanic Engineering},
    author = {Eriksen, C C and Osse, T J and Light, R D and Wen, T and Lehman, T W and Sabin, P L and Ballard, J W and Chiodi, A M},
    number = {4},
    pages = {424--436},
    volume = {26},
    doi = {10.1109/48.972073},
    issn = {0364-9059},
    keywords = {Costs, Current measurement, Instruments, Marine vehicles, Ocean temperature, Puget Sound, Sea surface, Seaglider, Temperature measurement, depth-averaged current, hydrodynamic drag, long-range autonomous underwater vehicle, marine telemetry, mobile robots, oceanographic equipment, oceanographic research, pitch control, remotely operated vehicles, salinity, sawtooth trajectory, sea measurements, temperature, underwater vehicles, wireless telemetry}
}

@article{alford_formation_2015,
    title = {{The formation and fate of internal waves in the {\{}South{\}} {\{}China{\}} {\{}Sea{\}}}},
    year = {2015},
    journal = {Nature},
    author = {Alford, Matthew H and Peacock, Thomas and MacKinnon, Jennifer A and Nash, Jonathan D and Buijsman, Maarten C and Centuroni, Luca R and Chao, Shenn-Yu and Chang, Ming-Huei and Farmer, David M and Fringer, Oliver B and {others}},
    number = {7550},
    pages = {65--69},
    volume = {521}
}

@book{zull_art_2002,
    title = {{The {\{}Art{\}} of {\{}Changing{\}} the {\{}Brain{\}}: {\{}Enriching{\}} the {\{}Practice{\}} of {\{}Teaching{\}} by {\{}Exploring{\}} the {\{}Biology{\}} of {\{}Learning{\}}}},
    shorttitle = {The {\{}Art{\}} of {\{}Changing{\}} the {\{}Brain{\}}},
    year = {2002},
    author = {Zull, James E},
    edition = {1 edition},
    month = {10},
    publisher = {Stylus Publishing},
    address = {Sterling, Va},
    isbn = {978-1-57922-054-9}
}

@article{yang_two_2015,
    title = {{Two mechanisms cause dual velocity maxima in the {\{}Kuroshio{\}} east of {\{}Taiwan{\}}}},
    year = {2015},
    journal = {Oceanography},
    author = {Yang, Kai-Chieh and Wang, Joe and Lee, Craig M and Ma, Barry and Lien, Ren-Chieh and Jan, Sen and Yang, Yiing Jang and Chang, Ming-Huei},
    number = {4},
    pages = {64--73},
    volume = {28}
}

@misc{Englander2012DoingEBSCOhost,
    title = {{Doing Science within a Culture of Machismo and Marianismo.: EBSCOhost}},
    year = {2012},
    booktitle = {Journal of International Women's Studies},
    author = {Englander, Karen and Yanez, Carmen and Barney, Xochitl},
    url = {http://web.b.ebscohost.com/ehost/pdfviewer/pdfviewer?vid=1&sid=8367e3d0-1c21-4ef7-88c4-d141c1910817%40sessionmgr120}
}

@article{Bendels2018GenderJournals,
    title = {{Gender disparities in high-quality research revealed by Nature Index journals}},
    year = {2018},
    journal = {PLoS ONE},
    author = {Bendels, Michael H K and M{\"{u}}, Ruth and Brueggmann, Doerthe and Groneberg, David A},
    number = {1},
    volume = {13},
    url = {http://journals.plos.org/plosone/article/file?id=10.1371/journal.pone.0189136&type=printable},
    doi = {10.1371/journal.pone.0189136}
}

@article{Carey2016GlaciersScience,
    title = {{Glaciers, gender, and science}},
    year = {2016},
    journal = {Progress in Human Geography},
    author = {Carey, Mark and Jackson, M. and Antonello, Alessandro and Rushing, Jaclyn},
    number = {6},
    month = {12},
    pages = {770--793},
    volume = {40},
    publisher = {SAGE PublicationsSage UK: London, England},
    url = {http://journals.sagepub.com/doi/10.1177/0309132515623368},
    doi = {10.1177/0309132515623368},
    issn = {0309-1325},
    keywords = {feminist glaciology, feminist political ecology, feminist postcolonial science studies, folk glaciology, glacier impacts, glaciers and society}
}

@book{Lopez2008MattersFreedom,
    title = {{Matters of choice : Puerto Rican women's struggle for reproductive freedom}},
    year = {2008},
    author = {LoÃÅpez, Iris Ofelia.},
    pages = {184},
    publisher = {Rutgers University Press},
    isbn = {0813543738}
}

@article{Carothers2013MenGender,
    title = {{Men and Women Are From Earth: Examining the Latent Structure of Gender}},
    year = {2013},
    journal = {Journal of Personality and Social Psychology},
    author = {Carothers, Bobbi J and Reis, Harry T},
    number = {2},
    pages = {385 - 407},
    volume = {104},
    url = {http://dx.doi.org/10.1037/a0030437.supp}
}

@article{Bonatti2012OceanographyChallenges,
    title = {{Oceanography and Women Early Challenges}},
    year = {2012},
    journal = {Oceanography},
    author = {Bonatti, Citation and Crane, K},
    number = {4},
    pages = {32--39},
    volume = {25},
    url = {http://dx.doi.org/10.5670/oceanog.2012.103. http://dx.doi.org/10.5670/oceanog.2012.103.},
    doi = {10.5670/oceanog.2012.103}
}

@article{VanRoosmalen1998SexualHealth,
    title = {{Sexual Harassment in Academia: A Hazard to Women's Health}},
    year = {1998},
    journal = {Women {\&} Health},
    author = {Van Roosmalen, Erica and Mcdaniel, Susan A},
    number = {2},
    pages = {33--53},
    volume = {28},
    url = {https://www.tandfonline.com/doi/pdf/10.1300/J013v28n02_03?needAccess=true}
}

@article{Johnson2016StrategiesMentoring,
    title = {{Strategies for Increasing Diversity in the Ocean Science Workforce Through Mentoring}},
    year = {2016},
    journal = {Oceanography},
    author = {Johnson, Ashanti and Huggans, Melanie and Siegfried, David and Braxton, LaTanya},
    number = {1},
    month = {3},
    pages = {46--54},
    volume = {29},
    url = {https://tos.org/oceanography/article/strategies-for-increasing-diversity-in-the-ocean-science-workforce-through},
    doi = {10.5670/oceanog.2016.11},
    issn = {10428275}
}

@article{FengquiLiLeiLiXiuqinWang2002WaterSea,
    title = {{Water Masses in the South China Sea and Water Exchange between the Pacific and the South China Sea}},
    year = {2002},
    journal = {Journal of OCean University of Quingdao},
    author = {Fengqui Li, Lei Li, Xiuqin Wang,, Changle Liu}
}